<record xmlns="http://www.loc.gov/MARC21/slim">
  <leader>01019ccm a2200337Ma 4500</leader>
  <controlfield tag="001">u6138116</controlfield>
  <controlfield tag="003">SIRSI</controlfield>
  <controlfield tag="005">20131007153719.0</controlfield>
  <controlfield tag="008">960613s1972    gw zza   h     n    ger d</controlfield>
  <datafield tag="010" ind1=" " ind2=" ">
    <subfield code="a">   81770589</subfield>
  </datafield>
  <datafield tag="028" ind1="3" ind2="2">
    <subfield code="b">Ars Viva</subfield>
    <subfield code="a">AV 311</subfield>
  </datafield>
  <datafield tag="035" ind1=" " ind2=" ">
    <subfield code="a">(OCoLC)366593375</subfield>
  </datafield>
  <datafield tag="040" ind1=" " ind2=" ">
    <subfield code="a">UBY</subfield>
    <subfield code="c">UBY</subfield>
  </datafield>
  <datafield tag="045" ind1="0" ind2=" ">
    <subfield code="b">d1970</subfield>
  </datafield>
  <datafield tag="048" ind1=" " ind2=" ">
    <subfield code="a">od</subfield>
  </datafield>
  <datafield tag="041" ind1="1" ind2=" ">
    <subfield code="g">eng</subfield>
    <subfield code="g">ger</subfield>
  </datafield>
  <datafield tag="050" ind1="0" ind2="4">
    <subfield code="a">M1245</subfield>
  </datafield>
  <datafield tag="090" ind1=" " ind2=" ">
    <subfield code="a">M1245.H65</subfield>
    <subfield code="b">P6 1972</subfield>
  </datafield>
  <datafield tag="100" ind1="1" ind2=" ">
    <subfield code="a">Holliger, Heinz.</subfield>
  </datafield>
  <datafield tag="245" ind1="1" ind2="0">
    <subfield code="a">Pneuma :</subfield>
    <subfield code="b">für Bläser, Schlagzeug, Orgel und Radios = for wind, percussion, organ and radios /</subfield>
    <subfield code="c">Heinz Holliger.</subfield>
  </datafield>
  <datafield tag="254" ind1=" " ind2=" ">
    <subfield code="a">Studien-Partitur.</subfield>
  </datafield>
  <datafield tag="260" ind1=" " ind2=" ">
    <subfield code="a">Mainz :</subfield>
    <subfield code="b">Ars Viva,</subfield>
    <subfield code="c">c1972.</subfield>
  </datafield>
  <datafield tag="300" ind1=" " ind2=" ">
    <subfield code="a">1 score (73 p.) ;</subfield>
    <subfield code="c">38 cm.</subfield>
  </datafield>
  <datafield tag="490" ind1="1" ind2=" ">
    <subfield code="a">Musik des 20. Jahrhunderts</subfield>
  </datafield>
  <datafield tag="650" ind1=" " ind2="0">
    <subfield code="a">Band music</subfield>
    <subfield code="v">Scores.</subfield>
  </datafield>
  <datafield tag="650" ind1=" " ind2="0">
    <subfield code="a">Electronic music.</subfield>
  </datafield>
  <datafield tag="830" ind1=" " ind2="0">
    <subfield code="a">Musik des 20. Jahrhunderts.</subfield>
  </datafield>
  <datafield tag="994" ind1=" " ind2=" ">
    <subfield code="a">Z0</subfield>
    <subfield code="b">VA@</subfield>
  </datafield>
  <datafield tag="596" ind1=" " ind2=" ">
    <subfield code="a">12</subfield>
  </datafield>
  <datafield tag="999" ind1=" " ind2=" ">
    <subfield code="a">M1245 .H65 P6 1972</subfield>
    <subfield code="w">LC</subfield>
    <subfield code="c">1</subfield>
    <subfield code="i">X030315233</subfield>
    <subfield code="d">10/7/2013</subfield>
    <subfield code="l">STACKS</subfield>
    <subfield code="m">MUSIC</subfield>
    <subfield code="r">Y</subfield>
    <subfield code="s">Y</subfield>
    <subfield code="t">MUSI-SCORE</subfield>
    <subfield code="u">10/7/2013</subfield>
    <subfield code="x">CLASSIFY</subfield>
    <subfield code="z">RUSH</subfield>
  </datafield>
</record>
